@book{Bitcoin,
	author    = "Satoshi Nakamoto",
	title     = "Bitcoin: A Peer-to-Peer Electronic Cash System",
	year      = "2008",
	language  = "English"
}

@manual{ETSITS119612,
	organization    = "ETSI",
	title     = "Electronic Signatures and Infrastructures (ESI); Trusted Lists",
	year      = "2016",
	publisher = "ETSI",
	address   = "650 Route des Lucioles F-06921 Sophia Antipolis Cedex - FRANCE",
	keywords  = "e-commerce, electronic signature, security, trust services",
	language  = "English"
}

@book{annual-report,
	organization    = "ARHS",
	title     = "Annual Report 2016",
	year      = "2016",
	publisher = "ARHS",
	address   = "2B Rue Nicolas Bové, 1253 Luxembourg",
	language  = "English"
}

@manual{design-document,
	organization    = "ARHS",
	title     = "Design documentation - Global Trust Service Status List",
	year      = "2017",
	address   = "2B Rue Nicolas Bové, 1253 Luxembourg",
	author    = "Vincent Bouckaert",
	language  = "English",
	abstract  = "The present document specifies requirements for the Global Trust Service Status List and develops a resulting software design, which forms the basis for upcoming tasks steps including the development and quality assurance of the component under consideration."
}

@book{latexcompanion,
	author    = "Michel Goossens and Frank Mittelbach and Alexander Samarin",
	title     = "The \LaTeX\ Companion",
	year      = "1993",
	publisher = "Addison-Wesley",
	address   = "Reading, Massachusetts"
}